@ARTICLE{Kruger:2015,
   author = {{Kr{\"u}ger}, C.~J. and {Ho}, W.~C.~G. and {Andersson}, N.},
    title = "{Seismology of adolescent neutron stars: Accounting for thermal effects and crust elasticity}",
  journal = {\prd},
archivePrefix = "arXiv",
   eprint = {1402.5656},
 primaryClass = "gr-qc",
 keywords = {Neutron stars, Relativistic stars: structure stability and oscillations, Relativity and gravitation, Wave generation and sources},
     year = 2015,
    month = sep,
   volume = 92,
   number = 6,
      eid = {063009},
    pages = {063009},
      doi = {10.1103/PhysRevD.92.063009},
   adsurl = {http://adsabs.harvard.edu/abs/2015PhRvD..92f3009K},
  adsnote = {Provided by the SAO/NASA Astrophysics Data System}
}

@ARTICLE{Janka:2007,
   author = {{Janka}, H.-T. and {Langanke}, K. and {Marek}, A. and {Mart{\'{\i}}nez-Pinedo}, G. and 
	{M{\"u}ller}, B.},
    title = "{Theory of core-collapse supernovae}",
  journal = {\physrep},
   eprint = {astro-ph/0612072},
     year = 2007,
    month = apr,
   volume = 442,
    pages = {38-74},
      doi = {10.1016/j.physrep.2007.02.002},
   adsurl = {http://cdsads.u-strasbg.fr/abs/2007PhR...442...38J},
  adsnote = {Provided by the SAO/NASA Astrophysics Data System}
}
@ARTICLE{OConnor:2013,
   author = {{O'Connor}, E. and {Ott}, C.~D.},
    title = "{The Progenitor Dependence of the Pre-explosion Neutrino Emission in Core-collapse Supernovae}",
  journal = {\apj},
archivePrefix = "arXiv",
   eprint = {1207.1100},
 primaryClass = "astro-ph.HE",
 keywords = {equation of state, hydrodynamics, neutrinos, stars: evolution, stars: neutron, supernovae: general},
     year = 2013,
    month = jan,
   volume = 762,
      eid = {126},
    pages = {126},
      doi = {10.1088/0004-637X/762/2/126},
   adsurl = {http://esoads.eso.org/abs/2013ApJ...762..126O},
  adsnote = {Provided by the SAO/NASA Astrophysics Data System}
}

@ARTICLE{Ugliano:2012,
   author = {{Ugliano}, M. and {Janka}, H.-T. and {Marek}, A. and {Arcones}, A.
	},
    title = "{Progenitor-explosion Connection and Remnant Birth Masses for Neutrino-driven Supernovae of Iron-core Progenitors}",
  journal = {\apj},
archivePrefix = "arXiv",
   eprint = {1205.3657},
 primaryClass = "astro-ph.SR",
 keywords = {stars: evolution, stars: massive, stars: neutron, supernovae: general},
     year = 2012,
    month = sep,
   volume = 757,
      eid = {69},
    pages = {69},
      doi = {10.1088/0004-637X/757/1/69},
   adsurl = {http://cdsads.u-strasbg.fr/abs/2012ApJ...757...69U},
  adsnote = {Provided by the SAO/NASA Astrophysics Data System}
}
@ARTICLE{Obergaulinger:2017,
   author = {{Obergaulinger}, M. and {Aloy}, M.A.},
    title = "{Protomagnetar and black hole formation in high-mass stars}",
  journal = {ArXiv e-prints},
archivePrefix = "arXiv",
   eprint = {1703.09893},
 primaryClass = "astro-ph.SR",
 keywords = {Astrophysics - Solar and Stellar Astrophysics, Astrophysics - High Energy Astrophysical Phenomena},
     year = 2017,
    month = mar,
   adsurl = {http://esoads.eso.org/abs/2017arXiv170309893O},
  adsnote = {Provided by the SAO/NASA Astrophysics Data System}
}
@ARTICLE{Dimmelmeier:2002b,
   author = {{Dimmelmeier}, H. and {Font}, J.~A. and {M{\"u}ller}, E.},
    title = "{Relativistic simulations of rotational core collapse II. Collapse dynamics and gravitational radiation}",
  journal = {\aap},
   eprint = {astro-ph/0204289},
 keywords = {gravitation, gravitational waves, hydrodynamics, stars: neutron, stars: rotation, stars: supernovae: general},
     year = 2002,
    month = oct,
   volume = 393,
    pages = {523-542},
      doi = {10.1051/0004-6361:20021053},
   adsurl = {http://esoads.eso.org/abs/2002A%26A...393..523D},
  adsnote = {Provided by the SAO/NASA Astrophysics Data System}
}
@ARTICLE{Dimmelmeier:2008,
   author = {{Dimmelmeier}, H. and {Ott}, C.~D. and {Marek}, A. and {Janka}, H.-T.
	},
    title = "{Gravitational wave burst signal from core collapse of rotating stars}",
  journal = {\prd},
archivePrefix = "arXiv",
   eprint = {0806.4953},
 keywords = {Numerical relativity, Finite-difference methods, Wave generation and sources, Supernovae},
     year = 2008,
    month = sep,
   volume = 78,
   number = 6,
      eid = {064056},
    pages = {064056},
      doi = {10.1103/PhysRevD.78.064056},
   adsurl = {http://adsabs.harvard.edu/abs/2008PhRvD..78f4056D},
  adsnote = {Provided by the SAO/NASA Astrophysics Data System}
}

@ARTICLE{abdikamalov14,
   author = {{Abdikamalov}, E. and {Gossan}, S. and {DeMaio}, A.~M. and {Ott}, C.~D.
	},
    title = "{Measuring the angular momentum distribution in core-collapse supernova progenitors with gravitational waves}",
  journal = {\prd},
archivePrefix = "arXiv",
   eprint = {1311.3678},
 primaryClass = "astro-ph.SR",
 keywords = {Numerical relativity, Gravitational radiation magnetic fields and other observations, Supernovae, Neutron stars},
     year = 2014,
    month = aug,
   volume = 90,
   number = 4,
      eid = {044001},
    pages = {044001},
      doi = {10.1103/PhysRevD.90.044001},
   adsurl = {http://adsabs.harvard.edu/abs/2014PhRvD..90d4001A},
  adsnote = {Provided by the SAO/NASA Astrophysics Data System}
}
@ARTICLE{Richers:2017,
   author = {{Richers}, S. and {Ott}, C.~D. and {Abdikamalov}, E. and {O'Connor}, E. and 
	{Sullivan}, C.},
    title = "{Equation of State Effects on Gravitational Waves from Rotating Core Collapse}",
  journal = {ArXiv e-prints},
archivePrefix = "arXiv",
   eprint = {1701.02752},
 primaryClass = "astro-ph.HE",
 keywords = {Astrophysics - High Energy Astrophysical Phenomena},
     year = 2017,
    month = jan,
   adsurl = {http://esoads.eso.org/abs/2017arXiv170102752R},
  adsnote = {Provided by the SAO/NASA Astrophysics Data System}
}
@ARTICLE{Murphy:2009,
   author = {{Murphy}, J.~W. and {Ott}, C.~D. and {Burrows}, A.},
    title = "{A Model for Gravitational Wave Emission from Neutrino-Driven Core-Collapse Supernovae}",
  journal = {\apj},
archivePrefix = "arXiv",
   eprint = {0907.4762},
 primaryClass = "astro-ph.SR",
 keywords = {dense matter, equation of state, gravitational waves, hydrodynamics, instabilities, shock waves, supernovae: general, turbulence},
     year = 2009,
    month = dec,
   volume = 707,
    pages = {1173-1190},
      doi = {10.1088/0004-637X/707/2/1173},
   adsurl = {http://esoads.eso.org/abs/2009ApJ...707.1173M},
  adsnote = {Provided by the SAO/NASA Astrophysics Data System}
}

@ARTICLE{Mueller:2013,
   author = {{M{\"u}ller}, B. and {Janka}, H.-T. and {Marek}, A.},
    title = "{A New Multi-dimensional General Relativistic Neutrino Hydrodynamics Code of Core-collapse Supernovae. III. Gravitational Wave Signals from Supernova Explosion Models}",
  journal = {\apj},
archivePrefix = "arXiv",
   eprint = {1210.6984},
 primaryClass = "astro-ph.SR",
 keywords = {gravitation, gravitational waves, hydrodynamics, neutrinos, radiative transfer, supernovae: general },
     year = 2013,
    month = mar,
   volume = 766,
      eid = {43},
    pages = {43},
      doi = {10.1088/0004-637X/766/1/43},
   adsurl = {http://esoads.eso.org/abs/2013ApJ...766...43M},
  adsnote = {Provided by the SAO/NASA Astrophysics Data System}
}
@ARTICLE{Andresen:2017,
   author = {{Andresen}, H. and {M{\"u}ller}, B. and {M{\"u}ller}, E. and 
	{Janka}, H.-T.},
    title = "{Gravitational wave signals from 3D neutrino hydrodynamics simulations of core-collapse supernovae}",
  journal = {\mnras},
archivePrefix = "arXiv",
   eprint = {1607.05199},
 primaryClass = "astro-ph.HE",
 keywords = {gravitational waves, hydrodynamics, instabilities, supernovae: general},
     year = 2017,
    month = jun,
   volume = 468,
    pages = {2032-2051},
      doi = {10.1093/mnras/stx618},
   adsurl = {http://esoads.eso.org/abs/2017MNRAS.468.2032A},
  adsnote = {Provided by the SAO/NASA Astrophysics Data System}
}

@ARTICLE{Kuroda:2016,
   author = {{Kuroda}, T. and {Kotake}, K. and {Takiwaki}, T.},
    title = "{A New Gravitational-wave Signature from Standing Accretion Shock Instability in Supernovae}",
  journal = {\apjl},
archivePrefix = "arXiv",
   eprint = {1605.09215},
 primaryClass = "astro-ph.HE",
 keywords = {gravitational waves, hydrodynamics, supernovae: general},
     year = 2016,
    month = sep,
   volume = 829,
      eid = {L14},
    pages = {L14},
      doi = {10.3847/2041-8205/829/1/L14},
   adsurl = {http://esoads.eso.org/abs/2016ApJ...829L..14K},
  adsnote = {Provided by the SAO/NASA Astrophysics Data System}
}
@ARTICLE{Cerda-Duran:2013,
   author = {{Cerdá-Durán}, P. and {DeBrye}, N. and {Aloy}, M.~A. and 
	{Font}, J.~A. and {Obergaulinger}, M.},
    title = "{Gravitational Wave Signatures in Black Hole Forming Core Collapse}",
  journal = {\apjl},
archivePrefix = "arXiv",
   eprint = {1310.8290},
 primaryClass = "astro-ph.SR",
 keywords = {black hole physics, gravitational waves, stars: massive, supernovae: general},
     year = 2013,
    month = dec,
   volume = 779,
      eid = {L18},
    pages = {L18},
      doi = {10.1088/2041-8205/779/2/L18},
   adsurl = {http://adsabs.harvard.edu/abs/2013ApJ...779L..18C},
  adsnote = {Provided by the SAO/NASA Astrophysics Data System}
}
@ARTICLE{Reisenegger:1992,
   author = {{Reisenegger}, A. and {Goldreich}, P.},
    title = "{A new class of g-modes in neutron stars}",
  journal = {\apj},
 keywords = {Brunt-Vaisala Frequency, Charged Particles, Hot Stars, Neutron Stars, Stellar Oscillations, Gravitational Effects, Gravitational Waves, Stellar Cores},
     year = 1992,
    month = aug,
   volume = 395,
    pages = {240-249},
      doi = {10.1086/171645},
   adsurl = {http://adsabs.harvard.edu/abs/1992ApJ...395..240R},
  adsnote = {Provided by the SAO/NASA Astrophysics Data System}
}
@ARTICLE{Ferrari:2004,
   author = {{Ferrari}, V. and {Gualtieri}, L. and {Pons}, J.~A. and {Stavridis}, A.
	},
    title = "{Gravitational waves from rotating proto-neutron stars}",
  journal = {Classical and Quantum Gravity},
   eprint = {astro-ph/0409578},
     year = 2004,
    month = mar,
   volume = 21,
    pages = {S515-S519},
      doi = {10.1088/0264-9381/21/5/019},
   adsurl = {http://esoads.eso.org/abs/2004CQGra..21S.515F},
  adsnote = {Provided by the SAO/NASA Astrophysics Data System}
}

@ARTICLE{Camelio:2017,
   author = {{Camelio}, G. and {Lovato}, A. and {Gualtieri}, L. and {Benhar}, O. and 
	{Pons}, J.~A. and {Ferrari}, V.},
    title = "{Evolution of a proto-neutron star with a nuclear many-body equation of state: neutrino luminosity and gravitational wave frequencies}",
  journal = {ArXiv e-prints},
archivePrefix = "arXiv",
   eprint = {1704.01923},
 primaryClass = "astro-ph.HE",
 keywords = {Astrophysics - High Energy Astrophysical Phenomena, General Relativity and Quantum Cosmology, Nuclear Theory},
     year = 2017,
    month = apr,
   adsurl = {http://esoads.eso.org/abs/2017arXiv170401923C},
  adsnote = {Provided by the SAO/NASA Astrophysics Data System}
}

@ARTICLE{Passamonti:2005,
   author = {{Passamonti}, A. and {Bruni}, M. and {Gualtieri}, L. and {Sopuerta}, C.~F.
	},
    title = "{Coupling of radial and nonradial oscillations of relativistic stars: Gauge-invariant formalism}",
  journal = {\prd},
   eprint = {gr-qc/0407108},
 keywords = {Wave generation and sources, Relativistic stars: structure stability and oscillations, Relativity and gravitation, Pulsations oscillations and stellar seismology},
     year = 2005,
    month = jan,
   volume = 71,
   number = 2,
      eid = {024022},
    pages = {024022},
      doi = {10.1103/PhysRevD.71.024022},
   adsurl = {http://esoads.eso.org/abs/2005PhRvD..71b4022P},
  adsnote = {Provided by the SAO/NASA Astrophysics Data System}
}

@ARTICLE{Passamonti:2007,
   author = {{Passamonti}, A. and {Stergioulas}, N. and {Nagar}, A.},
    title = "{Gravitational waves from nonlinear couplings of radial and polar nonradial modes in relativistic stars}",
  journal = {\prd},
   eprint = {gr-qc/0702099},
 keywords = {Wave generation and sources, Relativistic stars: structure stability and oscillations, Relativity and gravitation, Pulsations oscillations and stellar seismology},
     year = 2007,
    month = apr,
   volume = 75,
   number = 8,
      eid = {084038},
    pages = {084038},
      doi = {10.1103/PhysRevD.75.084038},
   adsurl = {http://adsabs.harvard.edu/abs/2007PhRvD..75h4038P},
  adsnote = {Provided by the SAO/NASA Astrophysics Data System}
}



@ARTICLE{Sotani:2016,
   author = {{Sotani}, H. and {Takiwaki}, T.},
    title = "{Gravitational wave asteroseismology with protoneutron stars}",
  journal = {\prd},
archivePrefix = "arXiv",
   eprint = {1608.01048},
 primaryClass = "astro-ph.HE",
     year = 2016,
    month = aug,
   volume = 94,
   number = 4,
      eid = {044043},
    pages = {044043},
      doi = {10.1103/PhysRevD.94.044043},
   adsurl = {http://esoads.eso.org/abs/2016PhRvD..94d4043S},
  adsnote = {Provided by the SAO/NASA Astrophysics Data System}
}

@ARTICLE{Fuller:2015,
   author = {{Fuller}, J. and {Klion}, H. and {Abdikamalov}, E. and {Ott}, C.~D.
	},
    title = "{Supernova seismology: gravitational wave signatures of rapidly rotating core collapse}",
  journal = {\mnras},
archivePrefix = "arXiv",
   eprint = {1501.06951},
 primaryClass = "astro-ph.HE",
 keywords = {gravitational waves, hydrodynamics, waves, stars: oscillations, stars: rotation, supernovae: general},
     year = 2015,
    month = jun,
   volume = 450,
    pages = {414-427},
      doi = {10.1093/mnras/stv698},
   adsurl = {http://esoads.eso.org/abs/2015MNRAS.450..414F},
  adsnote = {Provided by the SAO/NASA Astrophysics Data System}
}
@article{woosley:2006,
  author = {{Woosley}, S.~E. and {Heger}, A.},
    title = "{The Progenitor Stars of Gamma-Ray Bursts}",
  journal = {\apj},
   eprint = {astro-ph/0508175},
 keywords = {Gamma Rays: Bursts, Stars: Rotation, Stars: Supernovae: General},
     year = 2006,
    month = feb,
   volume = 637,
    pages = {914-921},
      doi = {10.1086/498500},
   adsurl = {http://adsabs.harvard.edu/abs/2006ApJ...637..914W},
  adsnote = {Provided by the SAO/NASA Astrophysics Data System}
}
@ARTICLE{Lattimer:1991,
   author = {{Lattimer}, J.~M. and {Swesty}, F.~D.},
    title = "{A generalized equation of state for hot, dense matter}",
  journal = {Nuclear Physics A},
     year = 1991,
    month = dec,
   volume = 535,
    pages = {331-376},
      doi = {10.1016/0375-9474(91)90452-C},
   adsurl = {http://adsabs.harvard.edu/abs/1991NuPhA.535..331L},
  adsnote = {Provided by the SAO/NASA Astrophysics Data System}
}
@ARTICLE{Thorne:1967,
   author = {{Thorne}, K.~S. and {Campolattaro}, A.},
    title = "{Non-Radial Pulsation of General-Relativistic Stellar Models. I. Analytic Analysis for L $>$= 2}",
  journal = {\apj},
     year = 1967,
    month = sep,
   volume = 149,
    pages = {591},
      doi = {10.1086/149288},
   adsurl = {http://esoads.eso.org/abs/1967ApJ...149..591T},
  adsnote = {Provided by the SAO/NASA Astrophysics Data System}
}
@article{kokkotas:1999,
   author = {{Kokkotas}, K.~D. and {Schmidt}, B.~G.},
    title = "{Quasi-Normal Modes of Stars and Black Holes}",
  journal = {Living Reviews in Relativity},
   eprint = {gr-qc/9909058},
     year = 1999,
    month = sep,
   volume = 2,
      eid = {2},
    pages = {2},
      doi = {10.12942/lrr-1999-2},
   adsurl = {http://adsabs.harvard.edu/abs/1999LRR.....2....2K},
  adsnote = {Provided by the SAO/NASA Astrophysics Data System}
}
@book{friedman:2013,
     place={Cambridge},
     series={Cambridge Monographs on Mathematical Physics},
  title={Rotating Relativistic Stars},
   DOI={10.1017/CBO9780511977596},
   publisher={Cambridge University Press},
   author={Friedman, John L. and Stergioulas, Nikolaos},
   year={2013},
   collection={Cambridge Monographs on Mathematical Physics}
}
@article{Isenberg08,
   author = {{Isenberg}, J.~A.},
    title = "{Waveless Approximation Theories of Gravity}",
  journal = {International Journal of Modern Physics D},
   eprint = {gr-qc/0702113},
 keywords = {Gravitational radiation, approximations to General Relativity},
     year = 2008,
   volume = 17,
    pages = {265-273},
      doi = {10.1142/S0218271808011997},
   adsurl = {http://adsabs.harvard.edu/abs/2008IJMPD..17..265I},
  adsnote = {Provided by the SAO/NASA Astrophysics Data System}
}
@article{wilson96,
   author = {{Wilson}, J.~R. and {Mathews}, G.~J. and {Marronetti}, P.},
    title = "{Relativistic numerical model for close neutron-star binaries}",
  journal = {\prd},
   eprint = {gr-qc/9601017},
     year = 1996,
    month = jul,
   volume = 54,
    pages = {1317-1331},
      doi = {10.1103/PhysRevD.54.1317},
  adsnote = {Provided by the SAO/NASA Astrophysics Data System}
}
@ARTICLE{Stergioulas:2003,
   author = {{Stergioulas}, N.},
    title = "{Rotating Stars in Relativity}",
  journal = {Living Reviews in Relativity},
   eprint = {gr-qc/0302034},
 keywords = {relativistic stars, rotatio, stability, oscillations, numerical relativity},
     year = 2003,
    month = jun,
   volume = 6,
      eid = {3},
    pages = {3},
      doi = {10.12942/lrr-2003-3},
   adsurl = {http://esoads.eso.org/abs/2003LRR.....6....3S},
  adsnote = {Provided by the SAO/NASA Astrophysics Data System}
}
@ARTICLE{Blondin:2003,
   author = {{Blondin}, J.~M. and {Mezzacappa}, A. and {DeMarino}, C.},
    title = "{Stability of Standing Accretion Shocks, with an Eye toward Core-Collapse Supernovae}",
  journal = {\apj},
   eprint = {astro-ph/0210634},
 keywords = {Accretion, Accretion Disks, Hydrodynamics, Shock Waves, Stars: Supernovae: General, Turbulence},
     year = 2003,
    month = feb,
   volume = 584,
    pages = {971-980},
      doi = {10.1086/345812},
   adsurl = {http://esoads.eso.org/abs/2003ApJ...584..971B},
  adsnote = {Provided by the SAO/NASA Astrophysics Data System}
}

@ARTICLE{Foglizzo:2000,
   author = {{Foglizzo}, T. and {Tagger}, M.},
    title = "{Entropic-acoustic instability in shocked accretion flows}",
  journal = {\aap},
   eprint = {astro-ph/0009193},
 keywords = {ACCRETION, ACCRETION DISKS, HYDRODYNAMICS, INSTABILITIES, SHOCK WAVES, STARS: BINARIES: CLOSE, X-RAYS: STARS},
     year = 2000,
    month = nov,
   volume = 363,
    pages = {174-183},
   adsurl = {http://adsabs.harvard.edu/abs/2000A%26A...363..174F},
  adsnote = {Provided by the SAO/NASA Astrophysics Data System}
}

@ARTICLE{Foglizzo:2007,
   author = {{Foglizzo}, T. and {Galletti}, P. and {Scheck}, L. and {Janka}, H.-T.
	},
    title = "{Instability of a Stalled Accretion Shock: Evidence for the Advective-Acoustic Cycle}",
  journal = {\apj},
   eprint = {astro-ph/0606640},
 keywords = {Accretion, Accretion Disks, Hydrodynamics, Instabilities, Shock Waves, Stars: Supernovae: General},
     year = 2007,
    month = jan,
   volume = 654,
    pages = {1006-1021},
      doi = {10.1086/509612},
   adsurl = {http://adsabs.harvard.edu/abs/2007ApJ...654.1006F},
  adsnote = {Provided by the SAO/NASA Astrophysics Data System}
}

@ARTICLE{Foglizzo:2002,
   author = {{Foglizzo}, T.},
    title = "{Non-radial instabilities of isothermal Bondi accretion with a shock: Vortical-acoustic cycle vs. post-shock acceleration}",
  journal = {\aap},
   eprint = {astro-ph/0206274},
 keywords = {accretion, accretion disks, hydrodynamics, instabilities, shock waves, stars binaries: close, X-rays: stars},
     year = 2002,
    month = sep,
   volume = 392,
    pages = {353-368},
      doi = {10.1051/0004-6361:20020912},
   adsurl = {http://adsabs.harvard.edu/abs/2002A%26A...392..353F},
  adsnote = {Provided by the SAO/NASA Astrophysics Data System}
}

@article{dimmelmeier:2002,
   author = {{Dimmelmeier}, H. and {Font}, J.~A. and {M{\"u}ller}, E.},
    title = "{Relativistic simulations of rotational core collapse I. Methods, initial models, and code tests}",
  journal = {\aap},
   eprint = {astro-ph/0204288},
 keywords = {gravitation, gravitational waves, hydrodynamics, methods: numerical, relativity},
     year = 2002,
    month = jun,
   volume = 388,
    pages = {917-935},
      doi = {10.1051/0004-6361:20020563},
   adsurl = {http://adsabs.harvard.edu/abs/2002A%26A...388..917D},
  adsnote = {Provided by the SAO/NASA Astrophysics Data System}
}

@article{dimmelmeier:2005,
   author = {{Dimmelmeier}, H. and {Novak}, J. and {Font}, J.~A. and {Ib{\'a}{\~n}ez}, J.~M. and {M{\"u}ller}, E.},
    title = "{Combining spectral and shock-capturing methods: A new numerical approach for 3D relativistic core collapse simulations}",
  journal = {\prd},
   eprint = {astro-ph/0407174},
 keywords = {Numerical relativity, Finite-difference methods, Wave generation and sources, Supernovae},
     year = 2005,
    month = mar,
   volume = 71,
   number = 6,
      eid = {064023},
    pages = {064023},
      doi = {10.1103/PhysRevD.71.064023},
   adsurl = {http://adsabs.harvard.edu/abs/2005PhRvD..71f4023D},
  adsnote = {Provided by the SAO/NASA Astrophysics Data System}
}

@ARTICLE{thorne:1969,
   author = {{Thorne}, K.~S.},
    title = "{Nonradial Pulsation of General-Relativistic Stellar Models.IV. The Weakfield Limit}",
  journal = {\apj},
     year = 1969,
    month = dec,
   volume = 158,
    pages = {997},
      doi = {10.1086/150259},
   adsurl = {http://adsabs.harvard.edu/abs/1969ApJ...158..997T},
  adsnote = {Provided by the SAO/NASA Astrophysics Data System}
}

@ARTICLE{rover:2009,
   author = {{R{\"o}ver}, C. and {Bizouard}, M.-A. and {Christensen}, N. and 
	{Dimmelmeier}, H. and {Heng}, I.~S. and {Meyer}, R.},
    title = "{Bayesian reconstruction of gravitational wave burst signals from simulations of rotating stellar core collapse and bounce}",
  journal = {\prd},
archivePrefix = "arXiv",
   eprint = {0909.1093},
 primaryClass = "gr-qc",
 keywords = {Gravitational wave detectors and experiments, Applications of Monte Carlo methods, Time series analysis, Supernovae},
     year = 2009,
    month = nov,
   volume = 80,
   number = 10,
      eid = {102004},
    pages = {102004},
      doi = {10.1103/PhysRevD.80.102004},
   adsurl = {http://adsabs.harvard.edu/abs/2009PhRvD..80j2004R},
  adsnote = {Provided by the SAO/NASA Astrophysics Data System}
}
@ARTICLE{summerscales:2008,
   author = {{Summerscales}, T.~Z. and {Burrows}, A. and {Finn}, L.~S. and 
	{Ott}, C.~D.},
    title = "{Maximum Entropy for Gravitational Wave Data Analysis: Inferring the Physical Parameters of Core-Collapse Supernovae}",
  journal = {\apj},
archivePrefix = "arXiv",
   eprint = {0704.2157},
 keywords = {gravitational waves, methods: data analysis, supernovae: general },
     year = 2008,
    month = may,
   volume = 678,
      eid = {1142-1157},
    pages = {1142-1157},
      doi = {10.1086/528362},
   adsurl = {http://adsabs.harvard.edu/abs/2008ApJ...678.1142S},
  adsnote = {Provided by the SAO/NASA Astrophysics Data System}
}

@ARTICLE{logue:2012,
   author = {{Logue}, J. and {Ott}, C.~D. and {Heng}, I.~S. and {Kalmus}, P. and 
	{Scargill}, J.~H.~C.},
    title = "{Inferring core-collapse supernova physics with gravitational waves}",
  journal = {\prd},
archivePrefix = "arXiv",
   eprint = {1202.3256},
 primaryClass = "gr-qc",
 keywords = {Gravitational-wave astrophysics, Gravitational wave detectors and experiments, Time series analysis, Supernovae},
     year = 2012,
    month = aug,
   volume = 86,
   number = 4,
      eid = {044023},
    pages = {044023},
      doi = {10.1103/PhysRevD.86.044023},
   adsurl = {http://adsabs.harvard.edu/abs/2012PhRvD..86d4023L},
  adsnote = {Provided by the SAO/NASA Astrophysics Data System}
}
@ARTICLE{powell:2016,
   author = {{Powell}, J. and {Gossan}, S.~E. and {Logue}, J. and {Heng}, I.~S.
	},
    title = "{Inferring the core-collapse supernova explosion mechanism with gravitational waves}",
  journal = {\prd},
archivePrefix = "arXiv",
   eprint = {1610.05573},
 primaryClass = "astro-ph.HE",
     year = 2016,
    month = dec,
   volume = 94,
   number = 12,
      eid = {123012},
    pages = {123012},
      doi = {10.1103/PhysRevD.94.123012},
   adsurl = {http://adsabs.harvard.edu/abs/2016PhRvD..94l3012P},
  adsnote = {Provided by the SAO/NASA Astrophysics Data System}
}

@ARTICLE{Banyuls:1996,
   author = {{Banyuls}, F. and {Font}, J.~A. and {Ib{\'a}{\~n}ez}, J.~M. and 
	{Mart{\'{\i}}}, J.~M. and {Miralles}, J.~A.},
    title = "{Numerical $\{$3 + 1$\}$ General Relativistic Hydrodynamics: A Local Characteristic Approach}",
  journal = {\apj},
 keywords = {Hydrodynamics, Methods: Numerical, Relativity, Shock Waves},
     year = 1997,
    month = feb,
   volume = 476,
    pages = {221-231},
      doi = {10.1086/303604},
   adsurl = {http://adsabs.harvard.edu/abs/1997ApJ...476..221B},
  adsnote = {Provided by the SAO/NASA Astrophysics Data System}
}

@ARTICLE{Fernandez:2009,
   author = {{Fern{\'a}ndez}, R. and {Thompson}, C.},
    title = "{Stability of a Spherical Accretion Shock with Nuclear Dissociation}",
  journal = {\apj},
archivePrefix = "arXiv",
   eprint = {0811.2795},
 keywords = {hydrodynamics, instabilities, nuclear reactions, nucleosynthesis, abundances, shock waves, supernovae: general},
     year = 2009,
    month = jun,
   volume = 697,
    pages = {1827-1841},
      doi = {10.1088/0004-637X/697/2/1827},
   adsurl = {http://adsabs.harvard.edu/abs/2009ApJ...697.1827F},
  adsnote = {Provided by the SAO/NASA Astrophysics Data System}
}

@ARTICLE{Torres-Forne:2018,
   author = {{Torres-Forn{\'e}}, A. and {Cerd{\'a}-Dur{\'a}n}, P. and {Passamonti}, A. and 
	{Font}, J.~A.},
    title = "{Towards asteroseismology of core-collapse supernovae with gravitational-wave observations - I. Cowling approximation}",
  journal = {\mnras},
archivePrefix = "arXiv",
   eprint = {1708.01920},
 primaryClass = "astro-ph.SR",
 keywords = {asteroseismology, gravitational waves, methods: numerical, stars: neutron, stars: oscillations, supernovae: general},
     year = 2018,
    month = mar,
   volume = 474,
    pages = {5272-5286},
      doi = {10.1093/mnras/stx3067},
   adsurl = {http://adsabs.harvard.edu/abs/2018MNRAS.474.5272T},
  adsnote = {Provided by the SAO/NASA Astrophysics Data System}
}

@ARTICLE{Blanchet:1990,
   author = {{Blanchet}, L. and {Damour}, T. and {Schaefer}, G.},
    title = "{Post-Newtonian hydrodynamics and post-Newtonian gravitational wave generation for numerical relativity}",
  journal = {\mnras},
 keywords = {Computational Astrophysics, Gravitational Waves, Relativistic Effects, Computerized Simulation, Einstein Equations, Gravitational Collapse, Gravitational Effects, Hydrodynamics},
     year = 1990,
    month = jan,
   volume = 242,
    pages = {289-305},
      doi = {10.1093/mnras/242.3.289},
   adsurl = {http://adsabs.harvard.edu/abs/1990MNRAS.242..289B},
  adsnote = {Provided by the SAO/NASA Astrophysics Data System}
}

@ARTICLE{Morozova:2018,
   author = {{Morozova}, V. and {Radice}, D. and {Burrows}, A. and {Vartanyan}, D.
	},
    title = "{The gravitational wave signal from core-collapse supernovae}",
  journal = {ArXiv e-prints},
archivePrefix = "arXiv",
   eprint = {1801.01914},
 primaryClass = "astro-ph.HE",
 keywords = {Astrophysics - High Energy Astrophysical Phenomena},
     year = 2018,
    month = jan,
   adsurl = {http://adsabs.harvard.edu/abs/2018arXiv180101914M},
  adsnote = {Provided by the SAO/NASA Astrophysics Data System}
}

@ARTICLE{Shibata:2004,
   author = {{Shibata}, M. and {Sekiguchi}, Y.-I.},
    title = "{Gravitational waves from axisymmetric rotating stellar core collapse to a neutron star in full general relativity}",
  journal = {\prd},
   eprint = {gr-qc/0402040},
 keywords = {Numerical relativity, Gravitational waves: theory, Relativistic stars: structure stability and oscillations},
     year = 2004,
    month = apr,
   volume = 69,
   number = 8,
      eid = {084024},
    pages = {084024},
      doi = {10.1103/PhysRevD.69.084024},
   adsurl = {http://adsabs.harvard.edu/abs/2004PhRvD..69h4024S},
  adsnote = {Provided by the SAO/NASA Astrophysics Data System}
}

@ARTICLE{Ott:2007a,
   author = {{Ott}, C.~D. and {Dimmelmeier}, H. and {Marek}, A. and {Janka}, H.-T. and 
	{Hawke}, I. and {Zink}, B. and {Schnetter}, E.},
    title = "{3D Collapse of Rotating Stellar Iron Cores in General Relativity Including Deleptonization and a Nuclear Equation of State}",
  journal = {Physical Review Letters},
   eprint = {astro-ph/0609819},
 keywords = {Numerical relativity, Wave generation and sources, Relativity and gravitation, Supernovae},
     year = 2007,
    month = jun,
   volume = 98,
   number = 26,
      eid = {261101},
    pages = {261101},
      doi = {10.1103/PhysRevLett.98.261101},
   adsurl = {http://adsabs.harvard.edu/abs/2007PhRvL..98z1101O},
  adsnote = {Provided by the SAO/NASA Astrophysics Data System}
}

@ARTICLE{Ott:2007b,
   author = {{Ott}, C.~D. and {Dimmelmeier}, H. and {Marek}, A. and {Janka}, H.-T. and 
	{Zink}, B. and {Hawke}, I. and {Schnetter}, E.},
    title = "{Rotating collapse of stellar iron cores in general relativity}",
  journal = {Classical and Quantum Gravity},
   eprint = {astro-ph/0612638},
     year = 2007,
    month = jun,
   volume = 24,
    pages = {S139-S154},
      doi = {10.1088/0264-9381/24/12/S10},
   adsurl = {http://adsabs.harvard.edu/abs/2007CQGra..24S.139O},
  adsnote = {Provided by the SAO/NASA Astrophysics Data System}
}

@ARTICLE{Cordero-Carrion:2009,
   author = {{Cordero-Carri{\'o}n}, I. and {Cerd{\'a}-Dur{\'a}n}, P. and 
	{Dimmelmeier}, H. and {Jaramillo}, J.~L. and {Novak}, J. and 
	{Gourgoulhon}, E.},
    title = "{Improved constrained scheme for the Einstein equations: An approach to the uniqueness issue}",
  journal = {\prd},
archivePrefix = "arXiv",
   eprint = {0809.2325},
 primaryClass = "gr-qc",
 keywords = {Initial value problem existence and uniqueness of solutions, Numerical relativity, Post-Newtonian approximation, perturbation theory, related approximations, Late stages of stellar evolution},
     year = 2009,
    month = jan,
   volume = 79,
   number = 2,
      eid = {024017},
    pages = {024017},
      doi = {10.1103/PhysRevD.79.024017},
   adsurl = {http://adsabs.harvard.edu/abs/2009PhRvD..79b4017C},
  adsnote = {Provided by the SAO/NASA Astrophysics Data System}
}

@ARTICLE{Kley:1999,
   author = {{Kley}, W. and {Sch{\"a}fer}, G.},
    title = "{Relativistic dust disks and the Wilson-Mathews approach}",
  journal = {\prd},
   eprint = {gr-qc/9812068},
 keywords = {Post-Newtonian approximation, perturbation theory, related approximations, Numerical relativity, Relativity and gravitation},
     year = 1999,
    month = jul,
   volume = 60,
   number = 2,
      eid = {027501},
    pages = {027501},
      doi = {10.1103/PhysRevD.60.027501},
   adsurl = {http://adsabs.harvard.edu/abs/1999PhRvD..60b7501K},
  adsnote = {Provided by the SAO/NASA Astrophysics Data System}
}

@ARTICLE{Cerda-Duran:2005,
   author = {{Cerd{\'a}-Dur{\'a}n}, P. and {Faye}, G. and {Dimmelmeier}, H. and 
	{Font}, J.~A. and {Ib{\'a}{\~n}ez}, J.~M. and {M{\"u}ller}, E. and 
	{Sch{\"a}fer}, G.},
    title = "{CFC+: improved dynamics and gravitational waveforms from relativistic core collapse simulations}",
  journal = {\aap},
   eprint = {astro-ph/0412611},
 keywords = {gravitation, gravitational waves, hydrodynamics, methods:, numerical, relativity, stars: supernovae: general},
     year = 2005,
    month = sep,
   volume = 439,
    pages = {1033-1055},
      doi = {10.1051/0004-6361:20042602},
   adsurl = {http://adsabs.harvard.edu/abs/2005A%26A...439.1033C},
  adsnote = {Provided by the SAO/NASA Astrophysics Data System}
}

@ARTICLE{Adsuara:2016,
   author = {{Adsuara}, J.~E. and {Cordero-Carri{\'o}n}, I. and {Cerd{\'a}-Dur{\'a}n}, P. and 
	{Aloy}, M.~A.},
    title = "{Scheduled Relaxation Jacobi method: Improvements and applications}",
  journal = {Journal of Computational Physics},
archivePrefix = "arXiv",
   eprint = {1511.04292},
 primaryClass = "math.NA",
 keywords = {Iterative method, Jacobi method, Finite differences method, Elliptic equations},
     year = 2016,
    month = sep,
   volume = 321,
    pages = {369-413},
      doi = {10.1016/j.jcp.2016.05.053},
   adsurl = {http://adsabs.harvard.edu/abs/2016JCoPh.321..369A},
  adsnote = {Provided by the SAO/NASA Astrophysics Data System}
}

@Article{Fryer:2011,
author="Fryer, Chris L.
and New, Kimberly C. B.",
title="Gravitational Waves from Gravitational Collapse",
journal="Living Reviews in Relativity",
year="2011",
month="Jan",
day="20",
volume="14",
number="1",
pages="1",
issn="1433-8351",
doi="10.12942/lrr-2011-1",
url="https://doi.org/10.12942/lrr-2011-1"
}

@book{Arfken:1995,
      author        = "Arfken, George B and Weber, Hans J",
      title         = "{Mathematical methods for physicists; 4th ed.}",
      publisher     = "Academic Press",
      address       = "San Diego, CA",
      year          = "1995",
      url           = "https://cds.cern.ch/record/379118",
}



@ARTICLE{Cowling:1941,
   author = {{Cowling}, T.~G.},
    title = "{The non-radial oscillations of polytropic stars}",
  journal = {\mnras},
     year = 1941,
   volume = 101,
    pages = {367},
      doi = {10.1093/mnras/101.8.367},
   adsurl = {http://adsabs.harvard.edu/abs/1941MNRAS.101..367C},
  adsnote = {Provided by the SAO/NASA Astrophysics Data System}
}


@BOOK{Cox:1980,
   author = {{Cox}, J.~P.},
    title = "{Theory of stellar pulsation}",
 keywords = {Astrophysics, Stellar Oscillations, Variable Stars, Adiabatic Conditions, Conservation Equations, Nonadiabatic Conditions, Radial Velocity, Stellar Gravitation, Stellar Luminosity, Stellar Models, Wave Equations},
booktitle = {Research supported by the National Science Foundation Princeton, NJ, Princeton University Press, 1980.~393 p.},
     year = 1980,
   adsurl = {http://adsabs.harvard.edu/abs/1980tsp..book.....C},
  adsnote = {Provided by the SAO/NASA Astrophysics Data System}
}

@BOOK{Unno:1979,
   author = {{Unno}, W. and {Osaki}, Y. and {Ando}, H. and {Shibahashi}, H.
	},
    title = "{Nonradial oscillations of stars}",
 keywords = {Oscillations, Solar Oscillations, Stellar Atmospheres, Variable Stars, A Stars, Adiabatic Conditions, Asymptotic Methods, Boundary Value Problems, Damping, Density Wave Model, Dwarf Stars, Giant Stars, Gravity Waves, Main Sequence Stars, Stellar Magnetic Fields, Stellar Models, Stellar Rotation, Supergiant Stars, White Dwarf Stars},
booktitle = {Tokyo, University of Tokyo Press; Forest Grove, Ore., ISBS, Inc., 1979.~330 p.},
     year = 1979,
   adsurl = {http://adsabs.harvard.edu/abs/1979nos..book.....U},
  adsnote = {Provided by the SAO/NASA Astrophysics Data System}
}

@BOOK{Eckart:1960,
  author = {{Eckart}, C.},
  title = "{Hydrodynamics of Oceans and Atmospheres}",
  booktitle = {New York: Pergamon Press},
  year = 1960
}

@ARTICLE{OJA2018,
   author = {{Obergaulinger}, M. and {Just}, O. and {Aloy}, M.~{\'A}.},
    title = "{Core collapse with magnetic fields and rotation}",
  journal = {J.~Phys.~G.~in press},
archivePrefix = "arXiv",
   eprint = {1806.00393},
 primaryClass = "astro-ph.HE",
 keywords = {Astrophysics - High Energy Astrophysical Phenomena, Astrophysics - Solar and Stellar Astrophysics},
     year = 2018,
    month = jun,
   adsurl = {http://esoads.eso.org/abs/2018arXiv180600393O},
      doi = {10.1088/1361-6471/aac982},
  adsnote = {Provided by the SAO/NASA Astrophysics Data System}
}



@Article{Just_et_al__2015__mnras__Anewmultidimensionalenergy-dependenttwo-momenttransportcodeforneutrino-hydrodynamics,
  Title                    = {{A new multidimensional, energy-dependent two-moment transport code for neutrino-hydrodynamics}},
  Author                   = {{Just}, O. and {Obergaulinger}, M. and {Janka}, H.-T.},
  Journal                  = {\mnras},
  Year                     = {2015},
  Month                    = nov,
  Pages                    = {3386-3413},
  Volume                   = {453},
  Adsnote                  = {Provided by the SAO/NASA Astrophysics Data System},
  Adsurl                   = {http://esoads.eso.org/abs/2015MNRAS.453.3386J},
  Archiveprefix            = {arXiv},
  Doi                      = {10.1093/mnras/stv1892},
  Eprint                   = {1501.02999},
  File                     = {:Just_et_al__2015__mnras__Anewmultidimensionalenergy-dependenttwo-momenttransportcodeforneutrino-hydrodynamics.pdf:PDF},
  Keywords                 = {hydrodynamics, neutrinos, radiative transfer, methods: numerical, stars: neutron, supernovae: general},
  Primaryclass             = {astro-ph.HE},
  Url                      = {http://esoads.eso.org/abs/2015MNRAS.453.3386J}
}


@Article{Marek_etal__2006__AA__TOV-potential,
  Title                    = {{Exploring the relativistic regime with Newtonian hydrodynamics: an improved effective gravitational potential for supernova simulations}},
  Author                   = {{Marek}, A. and {Dimmelmeier}, H. and {Janka}, H.-T. and {M{\"u}ller}, E. and {Buras}, R.},
  Journal                  = {\aap},
  Year                     = {2006},
  Month                    = {\#jan\#},
  Pages                    = {273-289},
  Volume                   = {445},
  Adsnote                  = {Provided by the Smithsonian/NASA Astrophysics Data System},
  Adsurl                   = {http://esoads.eso.org/abs/2006A%26A...445..273M},
  Doi                      = {10.1051/0004-6361:20052840},
  Eprint                   = {arXiv:astro-ph/0502161},
  File                     = {:Marek_etal__2006__AA__TOV-potential.pdf:PDF},
  Url                      = {http://esoads.eso.org/abs/2006A%26A...445..273M}
}


@Article{Steiner_et_al__2013__apj__Core-collapseSupernovaEquationsofStateBasedonNeutronStarObservations,
  Title                    = {{Core-collapse Supernova Equations of State Based on Neutron Star Observations}},
  Author                   = {{Steiner}, A.~W. and {Hempel}, M. and {Fischer}, T.},
  Journal                  = {\apj},
  Year                     = {2013},
  Month                    = {\#sep\#},
  Pages                    = {17},
  Volume                   = {774},
  Adsnote                  = {Provided by the SAO/NASA Astrophysics Data System},
  Adsurl                   = {http://esoads.eso.org/abs/2013ApJ...774...17S},
  Archiveprefix            = {arXiv},
  Doi                      = {10.1088/0004-637X/774/1/17},
  Eid                      = {17},
  Eprint                   = {1207.2184},
  File                     = {Steiner_et_al__2013__apj__Core-collapseSupernovaEquationsofStateBasedonNeutronStarObservations.pdf:Steiner_et_al__2013__apj__Core-collapseSupernovaEquationsofStateBasedonNeutronStarObservations.pdf:PDF},
  Keywords                 = {equation of state, dense matter, hydrodynamics, stars: neutron, supernovae: general },
  Primaryclass             = {astro-ph.SR},
  Url                      = {http://esoads.eso.org/abs/2013ApJ...774...17S}
}


@Article{Woosley_Heger__2007__physrep__Nucleosynthesisandremnantsinmassivestarsofsolarmetallicity,
  Title                    = {{Nucleosynthesis and remnants in massive stars of solar metallicity}},
  Author                   = {{Woosley}, S.~E. and {Heger}, A.},
  Journal                  = {\physrep},
  Year                     = {2007},
  Month                    = {\#apr\#},
  Pages                    = {269-283},
  Volume                   = {442},
  Adsnote                  = {Provided by the SAO/NASA Astrophysics Data System},
  Adsurl                   = {http://esoads.eso.org/abs/2007PhR...442..269W},
  Doi                      = {10.1016/j.physrep.2007.02.009},
  Eprint                   = {astro-ph/0702176},
  File                     = {:Woosley_Heger__2007__physrep__Nucleosynthesisandremnantsinmassivestarsofsolarmetallicity.pdf:PDF},
  Url                      = {http://esoads.eso.org/abs/2007PhR...442..269W}
}



@ARTICLE{Scuflaire:1974,
   author = {{Scuflaire}, R.},
    title = "{The Non Radial Oscillations of Condensed Polytropes}",
  journal = {\aap},
     year = 1974,
    month = nov,
   volume = 36,
    pages = {107},
   adsurl = {http://adsabs.harvard.edu/abs/1974A%26A....36..107S},
  adsnote = {Provided by the SAO/NASA Astrophysics Data System}
}

@ARTICLE{Osaki:1975,
   author = {{Osaki}, J.},
    title = "{Nonradial oscillations of a 10 solar mass star in the main-sequence stage}",
  journal = {\pasj},
 keywords = {Astronomical Models, Eigenvectors, Main Sequence Stars, Stellar Mass, Variable Stars, Dynamic Stability, Gravitational Waves, Pulsed Radiation, Stellar Evolution, Vibration Mode},
     year = 1975,
   volume = 27,
    pages = {237-258},
   adsurl = {http://adsabs.harvard.edu/abs/1975PASJ...27..237O},
  adsnote = {Provided by the SAO/NASA Astrophysics Data System}
}


@ARTICLE{Chandrasekhar:1964,
   author = {{Chandrasekhar}, S.},
    title = "{The Dynamical Instability of Gaseous Masses Approaching the Schwarzschild Limit in General Relativity.}",
  journal = {\apj},
     year = 1964,
    month = aug,
   volume = 140,
    pages = {417},
      doi = {10.1086/147938},
   adsurl = {http://adsabs.harvard.edu/abs/1964ApJ...140..417C},
  adsnote = {Provided by the SAO/NASA Astrophysics Data System}
}


@ARTICLE{MMA,
   author = {{Abbott}, B.~P. and {Abbott}, R. and {Abbott}, T.~D. and {Acernese}, F. and 
	{Ackley}, K. and {Adams}, C. and {Adams}, T. and {Addesso}, P. and 
	{Adhikari}, R.~X. and {Adya}, V.~B. and et al.},
    title = "{Multi-messenger Observations of a Binary Neutron Star Merger}",
  journal = {\apjl},
archivePrefix = "arXiv",
   eprint = {1710.05833},
 primaryClass = "astro-ph.HE",
 keywords = {gravitational waves, stars: neutron },
     year = 2017,
    month = oct,
   volume = 848,
      eid = {L12},
    pages = {L12},
      doi = {10.3847/2041-8213/aa91c9},
   adsurl = {http://adsabs.harvard.edu/abs/2017ApJ...848L..12A},
  adsnote = {Provided by the SAO/NASA Astrophysics Data System}
}


@article{Monitor:2017mdv,
      author         = "Abbott, B. P. and others",
      title          = "{Gravitational Waves and Gamma-rays from a Binary Neutron
                        Star Merger: GW170817 and GRB 170817A}",
      collaboration  = "Virgo, Fermi-GBM, INTEGRAL, LIGO Scientific",
      journal        = "Astrophys. J.",
      volume         = "848",
      year           = "2017",
      number         = "2",
      pages          = "L13",
      doi            = "10.3847/2041-8213/aa920c",
      eprint         = "1710.05834",
      archivePrefix  = "arXiv",
      primaryClass   = "astro-ph.HE",
      reportNumber   = "LIGO-P1700308",
      SLACcitation   = "%%CITATION = ARXIV:1710.05834;%%"
}

@article{Abbott:2017wuw,
      author         = "Abbott, B. P. and others",
      title          = "{Estimating the Contribution of Dynamical Ejecta in the
                        Kilonova Associated with GW170817}",
      collaboration  = "Virgo, LIGO Scientific",
      journal        = "Astrophys. J.",
      volume         = "850",
      year           = "2017",
      number         = "2",
      pages          = "L39",
      doi            = "10.3847/2041-8213/aa9478",
      eprint         = "1710.05836",
      archivePrefix  = "arXiv",
      primaryClass   = "astro-ph.HE",
      reportNumber   = "LIGO-P1700309",
      SLACcitation   = "%%CITATION = ARXIV:1710.05836;%%"
}

@article{Abbott:2017xzu,
      author         = "Abbott, B. P. and others",
      title          = "{A gravitational-wave standard siren measurement of the
                        Hubble constant}",
      collaboration  = "LIGO Scientific, VINROUGE, Las Cumbres Observatory, DES,
                        DLT40, Virgo, 1M2H, Dark Energy Camera GW-E, MASTER",
      journal        = "Nature",
      volume         = "551",
      year           = "2017",
      number         = "7678",
      pages          = "85-88",
      doi            = "10.1038/nature24471",
      eprint         = "1710.05835",
      archivePrefix  = "arXiv",
      primaryClass   = "astro-ph.CO",
      reportNumber   = "LIGO-P1700296, FERMILAB-PUB-17-472-A-AE",
      SLACcitation   = "%%CITATION = ARXIV:1710.05835;%%"
}

@ARTICLE{Abbott:radii,
   author = "Abbott, B. P. and others",
    title = "{GW170817: Measurements of neutron star radii and equation of state}",
  journal = {ArXiv e-prints},
archivePrefix = "arXiv",
   eprint = {1805.11581},
 primaryClass = "gr-qc",
 keywords = {General Relativity and Quantum Cosmology, Astrophysics - High Energy Astrophysical Phenomena},
     year = 2018,
    month = may,
   adsurl = {http://adsabs.harvard.edu/abs/2018arXiv180511581T},
  adsnote = {Provided by the SAO/NASA Astrophysics Data System}
}

@ARTICLE{De,
   author = {{De}, S. and {Finstad}, D. and {Lattimer}, J.~M. and {Brown}, D.~A. and 
	{Berger}, E. and {Biwer}, C.~M.},
    title = "{Constraining the nuclear equation of state with GW170817}",
  journal = {ArXiv e-prints},
archivePrefix = "arXiv",
   eprint = {1804.08583},
 primaryClass = "astro-ph.HE",
 keywords = {Astrophysics - High Energy Astrophysical Phenomena, General Relativity and Quantum Cosmology},
     year = 2018,
    month = apr,
   adsurl = {http://adsabs.harvard.edu/abs/2018arXiv180408583D},
  adsnote = {Provided by the SAO/NASA Astrophysics Data System}
}

@ARTICLE{Fattoyev,
   author = {{Fattoyev}, F.~J. and {Piekarewicz}, J. and {Horowitz}, C.~J.
	},
    title = "{Neutron Skins and Neutron Stars in the Multimessenger Era}",
  journal = {Physical Review Letters},
archivePrefix = "arXiv",
   eprint = {1711.06615},
 primaryClass = "nucl-th",
     year = 2018,
    month = apr,
   volume = 120,
   number = 17,
      eid = {172702},
    pages = {172702},
      doi = {10.1103/PhysRevLett.120.172702},
   adsurl = {http://adsabs.harvard.edu/abs/2018PhRvL.120q2702F},
  adsnote = {Provided by the SAO/NASA Astrophysics Data System}
}

@ARTICLE{Annala,
   author = {{Annala}, E. and {Gorda}, T. and {Kurkela}, A. and {Vuorinen}, A.
	},
    title = "{Gravitational-Wave Constraints on the Neutron-Star-Matter Equation of State}",
  journal = {Physical Review Letters},
archivePrefix = "arXiv",
   eprint = {1711.02644},
 primaryClass = "astro-ph.HE",
     year = 2018,
    month = apr,
   volume = 120,
   number = 17,
      eid = {172703},
    pages = {172703},
      doi = {10.1103/PhysRevLett.120.172703},
   adsurl = {http://adsabs.harvard.edu/abs/2018PhRvL.120q2703A},
  adsnote = {Provided by the SAO/NASA Astrophysics Data System}
}

@ARTICLE{Thrane:2015,
   author = {{Thrane}, E. and {Coughlin}, M.},
    title = "{Detecting Gravitation-Wave Transients at 5 {$\sigma$} : A Hierarchical Approach}",
  journal = {Physical Review Letters},
archivePrefix = "arXiv",
   eprint = {1507.00537},
 primaryClass = "astro-ph.IM",
 keywords = {Gravitational waves: theory, Observation and data reduction techniques, computer modeling and simulation},
     year = 2015,
    month = oct,
   volume = 115,
   number = 18,
      eid = {181102},
    pages = {181102},
      doi = {10.1103/PhysRevLett.115.181102},
   adsurl = {http://adsabs.harvard.edu/abs/2015PhRvL.115r1102T},
  adsnote = {Provided by the SAO/NASA Astrophysics Data System}
}


@ARTICLE{Klimenko:2016,
   author = {{Klimenko}, S. and {Vedovato}, G. and {Drago}, M. and {Salemi}, F. and 
	{Tiwari}, V. and {Prodi}, G.~A. and {Lazzaro}, C. and {Ackley}, K. and 
	{Tiwari}, S. and {Da Silva}, C.~F. and {Mitselmakher}, G.},
    title = "{Method for detection and reconstruction of gravitational wave transients with networks of advanced detectors}",
  journal = {\prd},
archivePrefix = "arXiv",
   eprint = {1511.05999},
 primaryClass = "gr-qc",
     year = 2016,
    month = feb,
   volume = 93,
   number = 4,
      eid = {042004},
    pages = {042004},
      doi = {10.1103/PhysRevD.93.042004},
   adsurl = {http://adsabs.harvard.edu/abs/2016PhRvD..93d2004K},
  adsnote = {Provided by the SAO/NASA Astrophysics Data System}
}



@ARTICLE{Yakunin:2015,
   author = {{Yakunin}, K.~N. and {Mezzacappa}, A. and {Marronetti}, P. and 
	{Yoshida}, S. and {Bruenn}, S.~W. and {Hix}, W.~R. and {Lentz}, E.~J. and 
	{Bronson Messer}, O.~E. and {Harris}, J.~A. and {Endeve}, E. and 
	{Blondin}, J.~M. and {Lingerfelt}, E.~J.},
    title = "{Gravitational wave signatures of ab initio two-dimensional core collapse supernova explosion models for 12 -25 M$_{⊙}$ stars}",
  journal = {\prd},
archivePrefix = "arXiv",
   eprint = {1505.05824},
 primaryClass = "astro-ph.HE",
 keywords = {Gravitational waves: theory},
     year = 2015,
    month = oct,
   volume = 92,
   number = 8,
      eid = {084040},
    pages = {084040},
      doi = {10.1103/PhysRevD.92.084040},
   adsurl = {http://adsabs.harvard.edu/abs/2015PhRvD..92h4040Y},
  adsnote = {Provided by the SAO/NASA Astrophysics Data System}
}


@ARTICLE{Gossan:2016,
   author = {{Gossan}, S.~E. and {Sutton}, P. and {Stuver}, A. and {Zanolin}, M. and 
	{Gill}, K. and {Ott}, C.~D.},
    title = "{Observing gravitational waves from core-collapse supernovae in the advanced detector era}",
  journal = {\prd},
archivePrefix = "arXiv",
   eprint = {1511.02836},
 primaryClass = "astro-ph.HE",
     year = 2016,
    month = feb,
   volume = 93,
   number = 4,
      eid = {042002},
    pages = {042002},
      doi = {10.1103/PhysRevD.93.042002},
   adsurl = {http://adsabs.harvard.edu/abs/2016PhRvD..93d2002G},
  adsnote = {Provided by the SAO/NASA Astrophysics Data System}
}


@ARTICLE{Woosley:2006b,
   author = {{Woosley}, S.~E. and {Bloom}, J.~S.},
    title = "{The Supernova Gamma-Ray Burst Connection}",
  journal = {\araa},
   eprint = {astro-ph/0609142},
     year = 2006,
    month = sep,
   volume = 44,
    pages = {507-556},
      doi = {10.1146/annurev.astro.43.072103.150558},
   adsurl = {http://adsabs.harvard.edu/abs/2006ARA%26A..44..507W},
  adsnote = {Provided by the SAO/NASA Astrophysics Data System}
}


@ARTICLE{Ferrari:2003,
   author = {{Ferrari}, V. and {Miniutti}, G. and {Pons}, J.~A.},
    title = "{Gravitational waves from newly born, hot neutron stars}",
  journal = {\mnras},
   eprint = {astro-ph/0210581},
 keywords = {gravitational waves, stars: neutron, stars: oscillations},
     year = 2003,
    month = jun,
   volume = 342,
    pages = {629-638},
      doi = {10.1046/j.1365-8711.2003.06580.x},
   adsurl = {http://adsabs.harvard.edu/abs/2003MNRAS.342..629F},
  adsnote = {Provided by the SAO/NASA Astrophysics Data System}
}

@ARTICLE{Passamonti:2005,
   author = {{Passamonti}, A. and {Bruni}, M. and {Gualtieri}, L. and {Sopuerta}, C.~F.
	},
    title = "{Coupling of radial and nonradial oscillations of relativistic stars: Gauge-invariant formalism}",
  journal = {\prd},
   eprint = {gr-qc/0407108},
 keywords = {Wave generation and sources, Relativistic stars: structure stability and oscillations, Relativity and gravitation, Pulsations oscillations and stellar seismology},
     year = 2005,
    month = jan,
   volume = 71,
   number = 2,
      eid = {024022},
    pages = {024022},
      doi = {10.1103/PhysRevD.71.024022},
   adsurl = {http://adsabs.harvard.edu/abs/2005PhRvD..71b4022P},
  adsnote = {Provided by the SAO/NASA Astrophysics Data System}
}

@ARTICLE{Takata:2012,
   author = {{Takata}, M.},
    title = "{Mode Classification of Linear Adiabatic Oscillations of Spherically Symmetric Stars}",
  journal = {\pasj},
 keywords = {methods: analytical, stars: oscillations, Sun: oscillations},
     year = 2012,
    month = aug,
   volume = 64,
      eid = {66},
    pages = {66},
      doi = {10.1093/pasj/64.4.66},
   adsurl = {http://adsabs.harvard.edu/abs/2012PASJ...64...66T},
  adsnote = {Provided by the SAO/NASA Astrophysics Data System}
}



